%YAML 1.1
%TAG !u! tag:unity3d.com,2011:
--- !u!1 &876904347997384451
GameObject:
  m_ObjectHideFlags: 0
  m_CorrespondingSourceObject: {fileID: 0}
  m_PrefabInstance: {fileID: 0}
  m_PrefabAsset: {fileID: 0}
  serializedVersion: 6
  m_Component:
  - component: {fileID: 531622081302984121}
  - component: {fileID: 3517145154288777756}
  - component: {fileID: 1669603647732747990}
  m_Layer: 0
  m_Name: MiningTrack Bridge
  m_TagString: Untagged
  m_Icon: {fileID: 0}
  m_NavMeshLayer: 0
  m_StaticEditorFlags: 0
  m_IsActive: 1
--- !u!4 &531622081302984121
Transform:
  m_ObjectHideFlags: 0
  m_CorrespondingSourceObject: {fileID: 0}
  m_PrefabInstance: {fileID: 0}
  m_PrefabAsset: {fileID: 0}
  m_GameObject: {fileID: 876904347997384451}
  m_LocalRotation: {x: -0.5013601, y: 0.5064949, z: 0.49979544, w: 0.4922454}
  m_LocalPosition: {x: 0.71, y: 0.89, z: 8.726}
  m_LocalScale: {x: 1.8212671, y: 1, z: 1}
  m_Children:
  - {fileID: 8155417597507794609}
  - {fileID: 7013595168193156658}
  - {fileID: 7093879198056270521}
  - {fileID: 5749678247078376601}
  - {fileID: 5506200982728799387}
  - {fileID: 6245790587122931185}
  - {fileID: 3358222801904883471}
  - {fileID: 1265565390653571625}
  - {fileID: 3370791680108510311}
  - {fileID: 4294573710838392042}
  - {fileID: 7971183006931286069}
  m_Father: {fileID: 0}
  m_RootOrder: 0
  m_LocalEulerAnglesHint: {x: -90.91599, y: 9.046997, z: 81.67999}
--- !u!33 &3517145154288777756
MeshFilter:
  m_ObjectHideFlags: 0
  m_CorrespondingSourceObject: {fileID: 0}
  m_PrefabInstance: {fileID: 0}
  m_PrefabAsset: {fileID: 0}
  m_GameObject: {fileID: 876904347997384451}
  m_Mesh: {fileID: -6957554495415715310, guid: 3f3df8b6ba8a24f47ab8f11c95dfff31, type: 3}
--- !u!23 &1669603647732747990
MeshRenderer:
  m_ObjectHideFlags: 0
  m_CorrespondingSourceObject: {fileID: 0}
  m_PrefabInstance: {fileID: 0}
  m_PrefabAsset: {fileID: 0}
  m_GameObject: {fileID: 876904347997384451}
  m_Enabled: 1
  m_CastShadows: 1
  m_ReceiveShadows: 1
  m_DynamicOccludee: 1
  m_MotionVectors: 1
  m_LightProbeUsage: 1
  m_ReflectionProbeUsage: 1
  m_RayTracingMode: 2
  m_RenderingLayerMask: 1
  m_RendererPriority: 0
  m_Materials:
  - {fileID: 2100000, guid: 4a35d0738f6f349498620ace19067d74, type: 2}
  m_StaticBatchInfo:
    firstSubMesh: 0
    subMeshCount: 0
  m_StaticBatchRoot: {fileID: 0}
  m_ProbeAnchor: {fileID: 0}
  m_LightProbeVolumeOverride: {fileID: 0}
  m_ScaleInLightmap: 1
  m_ReceiveGI: 1
  m_PreserveUVs: 0
  m_IgnoreNormalsForChartDetection: 0
  m_ImportantGI: 0
  m_StitchLightmapSeams: 1
  m_SelectedEditorRenderState: 3
  m_MinimumChartSize: 4
  m_AutoUVMaxDistance: 0.5
  m_AutoUVMaxAngle: 89
  m_LightmapParameters: {fileID: 0}
  m_SortingLayerID: 0
  m_SortingLayer: 0
  m_SortingOrder: 0
--- !u!1001 &1592735471557027266
PrefabInstance:
  m_ObjectHideFlags: 0
  serializedVersion: 2
  m_Modification:
    m_TransformParent: {fileID: 531622081302984121}
    m_Modifications:
    - target: {fileID: -8679921383154817045, guid: d15c4bffc5d56f2499aaeee9473e3a59,
        type: 3}
      propertyPath: m_LocalPosition.x
      value: -0.50697464
      objectReference: {fileID: 0}
    - target: {fileID: -8679921383154817045, guid: d15c4bffc5d56f2499aaeee9473e3a59,
        type: 3}
      propertyPath: m_LocalPosition.y
      value: 0.86262846
      objectReference: {fileID: 0}
    - target: {fileID: -8679921383154817045, guid: d15c4bffc5d56f2499aaeee9473e3a59,
        type: 3}
      propertyPath: m_LocalPosition.z
      value: 0.0066170096
      objectReference: {fileID: 0}
    - target: {fileID: -8679921383154817045, guid: d15c4bffc5d56f2499aaeee9473e3a59,
        type: 3}
      propertyPath: m_LocalRotation.x
      value: 0.00644508
      objectReference: {fileID: 0}
    - target: {fileID: -8679921383154817045, guid: d15c4bffc5d56f2499aaeee9473e3a59,
        type: 3}
      propertyPath: m_LocalRotation.y
      value: -0.0047372277
      objectReference: {fileID: 0}
    - target: {fileID: -8679921383154817045, guid: d15c4bffc5d56f2499aaeee9473e3a59,
        type: 3}
      propertyPath: m_LocalRotation.z
      value: -0.71155477
      objectReference: {fileID: 0}
    - target: {fileID: -8679921383154817045, guid: d15c4bffc5d56f2499aaeee9473e3a59,
        type: 3}
      propertyPath: m_LocalRotation.w
      value: 0.70258516
      objectReference: {fileID: 0}
    - target: {fileID: -8679921383154817045, guid: d15c4bffc5d56f2499aaeee9473e3a59,
        type: 3}
      propertyPath: m_RootOrder
      value: 7
      objectReference: {fileID: 0}
    - target: {fileID: -8679921383154817045, guid: d15c4bffc5d56f2499aaeee9473e3a59,
        type: 3}
      propertyPath: m_LocalEulerAnglesHint.x
      value: 0
      objectReference: {fileID: 0}
    - target: {fileID: -8679921383154817045, guid: d15c4bffc5d56f2499aaeee9473e3a59,
        type: 3}
      propertyPath: m_LocalEulerAnglesHint.y
      value: 0
      objectReference: {fileID: 0}
    - target: {fileID: -8679921383154817045, guid: d15c4bffc5d56f2499aaeee9473e3a59,
        type: 3}
      propertyPath: m_LocalEulerAnglesHint.z
      value: 0
      objectReference: {fileID: 0}
    - target: {fileID: -8679921383154817045, guid: d15c4bffc5d56f2499aaeee9473e3a59,
        type: 3}
      propertyPath: m_LocalScale.x
      value: 0.99986815
      objectReference: {fileID: 0}
    - target: {fileID: -8679921383154817045, guid: d15c4bffc5d56f2499aaeee9473e3a59,
        type: 3}
      propertyPath: m_LocalScale.y
      value: 0.54917
      objectReference: {fileID: 0}
    - target: {fileID: -8679921383154817045, guid: d15c4bffc5d56f2499aaeee9473e3a59,
        type: 3}
      propertyPath: m_LocalScale.z
      value: 0.99979436
      objectReference: {fileID: 0}
    - target: {fileID: 919132149155446097, guid: d15c4bffc5d56f2499aaeee9473e3a59,
        type: 3}
      propertyPath: m_Name
      value: Wood_Plank_02 (6)
      objectReference: {fileID: 0}
    m_RemovedComponents: []
  m_SourcePrefab: {fileID: 100100000, guid: d15c4bffc5d56f2499aaeee9473e3a59, type: 3}
--- !u!4 &1265565390653571625 stripped
Transform:
  m_CorrespondingSourceObject: {fileID: -8679921383154817045, guid: d15c4bffc5d56f2499aaeee9473e3a59,
    type: 3}
  m_PrefabInstance: {fileID: 1592735471557027266}
  m_PrefabAsset: {fileID: 0}
--- !u!1001 &2958993211472031972
PrefabInstance:
  m_ObjectHideFlags: 0
  serializedVersion: 2
  m_Modification:
    m_TransformParent: {fileID: 531622081302984121}
    m_Modifications:
    - target: {fileID: -8679921383154817045, guid: d15c4bffc5d56f2499aaeee9473e3a59,
        type: 3}
      propertyPath: m_LocalPosition.x
      value: -0.19955984
      objectReference: {fileID: 0}
    - target: {fileID: -8679921383154817045, guid: d15c4bffc5d56f2499aaeee9473e3a59,
        type: 3}
      propertyPath: m_LocalPosition.y
      value: 0.8555147
      objectReference: {fileID: 0}
    - target: {fileID: -8679921383154817045, guid: d15c4bffc5d56f2499aaeee9473e3a59,
        type: 3}
      propertyPath: m_LocalPosition.z
      value: 0.015463918
      objectReference: {fileID: 0}
    - target: {fileID: -8679921383154817045, guid: d15c4bffc5d56f2499aaeee9473e3a59,
        type: 3}
      propertyPath: m_LocalRotation.x
      value: 0.00644508
      objectReference: {fileID: 0}
    - target: {fileID: -8679921383154817045, guid: d15c4bffc5d56f2499aaeee9473e3a59,
        type: 3}
      propertyPath: m_LocalRotation.y
      value: -0.0047372277
      objectReference: {fileID: 0}
    - target: {fileID: -8679921383154817045, guid: d15c4bffc5d56f2499aaeee9473e3a59,
        type: 3}
      propertyPath: m_LocalRotation.z
      value: -0.71155477
      objectReference: {fileID: 0}
    - target: {fileID: -8679921383154817045, guid: d15c4bffc5d56f2499aaeee9473e3a59,
        type: 3}
      propertyPath: m_LocalRotation.w
      value: 0.70258516
      objectReference: {fileID: 0}
    - target: {fileID: -8679921383154817045, guid: d15c4bffc5d56f2499aaeee9473e3a59,
        type: 3}
      propertyPath: m_RootOrder
      value: 6
      objectReference: {fileID: 0}
    - target: {fileID: -8679921383154817045, guid: d15c4bffc5d56f2499aaeee9473e3a59,
        type: 3}
      propertyPath: m_LocalEulerAnglesHint.x
      value: 0
      objectReference: {fileID: 0}
    - target: {fileID: -8679921383154817045, guid: d15c4bffc5d56f2499aaeee9473e3a59,
        type: 3}
      propertyPath: m_LocalEulerAnglesHint.y
      value: 0
      objectReference: {fileID: 0}
    - target: {fileID: -8679921383154817045, guid: d15c4bffc5d56f2499aaeee9473e3a59,
        type: 3}
      propertyPath: m_LocalEulerAnglesHint.z
      value: 0
      objectReference: {fileID: 0}
    - target: {fileID: -8679921383154817045, guid: d15c4bffc5d56f2499aaeee9473e3a59,
        type: 3}
      propertyPath: m_LocalScale.x
      value: 0.99986815
      objectReference: {fileID: 0}
    - target: {fileID: -8679921383154817045, guid: d15c4bffc5d56f2499aaeee9473e3a59,
        type: 3}
      propertyPath: m_LocalScale.y
      value: 0.54917
      objectReference: {fileID: 0}
    - target: {fileID: -8679921383154817045, guid: d15c4bffc5d56f2499aaeee9473e3a59,
        type: 3}
      propertyPath: m_LocalScale.z
      value: 0.99979436
      objectReference: {fileID: 0}
    - target: {fileID: 919132149155446097, guid: d15c4bffc5d56f2499aaeee9473e3a59,
        type: 3}
      propertyPath: m_Name
      value: Wood_Plank_02 (5)
      objectReference: {fileID: 0}
    m_RemovedComponents: []
  m_SourcePrefab: {fileID: 100100000, guid: d15c4bffc5d56f2499aaeee9473e3a59, type: 3}
--- !u!4 &3358222801904883471 stripped
Transform:
  m_CorrespondingSourceObject: {fileID: -8679921383154817045, guid: d15c4bffc5d56f2499aaeee9473e3a59,
    type: 3}
  m_PrefabInstance: {fileID: 2958993211472031972}
  m_PrefabAsset: {fileID: 0}
--- !u!1001 &2976259581288176524
PrefabInstance:
  m_ObjectHideFlags: 0
  serializedVersion: 2
  m_Modification:
    m_TransformParent: {fileID: 531622081302984121}
    m_Modifications:
    - target: {fileID: -8679921383154817045, guid: d15c4bffc5d56f2499aaeee9473e3a59,
        type: 3}
      propertyPath: m_LocalPosition.x
      value: -0.80890024
      objectReference: {fileID: 0}
    - target: {fileID: -8679921383154817045, guid: d15c4bffc5d56f2499aaeee9473e3a59,
        type: 3}
      propertyPath: m_LocalPosition.y
      value: 0.86961526
      objectReference: {fileID: 0}
    - target: {fileID: -8679921383154817045, guid: d15c4bffc5d56f2499aaeee9473e3a59,
        type: 3}
      propertyPath: m_LocalPosition.z
      value: -0.0020719767
      objectReference: {fileID: 0}
    - target: {fileID: -8679921383154817045, guid: d15c4bffc5d56f2499aaeee9473e3a59,
        type: 3}
      propertyPath: m_LocalRotation.x
      value: 0.00644508
      objectReference: {fileID: 0}
    - target: {fileID: -8679921383154817045, guid: d15c4bffc5d56f2499aaeee9473e3a59,
        type: 3}
      propertyPath: m_LocalRotation.y
      value: -0.0047372277
      objectReference: {fileID: 0}
    - target: {fileID: -8679921383154817045, guid: d15c4bffc5d56f2499aaeee9473e3a59,
        type: 3}
      propertyPath: m_LocalRotation.z
      value: -0.71155477
      objectReference: {fileID: 0}
    - target: {fileID: -8679921383154817045, guid: d15c4bffc5d56f2499aaeee9473e3a59,
        type: 3}
      propertyPath: m_LocalRotation.w
      value: 0.70258516
      objectReference: {fileID: 0}
    - target: {fileID: -8679921383154817045, guid: d15c4bffc5d56f2499aaeee9473e3a59,
        type: 3}
      propertyPath: m_RootOrder
      value: 8
      objectReference: {fileID: 0}
    - target: {fileID: -8679921383154817045, guid: d15c4bffc5d56f2499aaeee9473e3a59,
        type: 3}
      propertyPath: m_LocalEulerAnglesHint.x
      value: 0
      objectReference: {fileID: 0}
    - target: {fileID: -8679921383154817045, guid: d15c4bffc5d56f2499aaeee9473e3a59,
        type: 3}
      propertyPath: m_LocalEulerAnglesHint.y
      value: 0
      objectReference: {fileID: 0}
    - target: {fileID: -8679921383154817045, guid: d15c4bffc5d56f2499aaeee9473e3a59,
        type: 3}
      propertyPath: m_LocalEulerAnglesHint.z
      value: 0
      objectReference: {fileID: 0}
    - target: {fileID: -8679921383154817045, guid: d15c4bffc5d56f2499aaeee9473e3a59,
        type: 3}
      propertyPath: m_LocalScale.x
      value: 0.99986815
      objectReference: {fileID: 0}
    - target: {fileID: -8679921383154817045, guid: d15c4bffc5d56f2499aaeee9473e3a59,
        type: 3}
      propertyPath: m_LocalScale.y
      value: 0.54917
      objectReference: {fileID: 0}
    - target: {fileID: -8679921383154817045, guid: d15c4bffc5d56f2499aaeee9473e3a59,
        type: 3}
      propertyPath: m_LocalScale.z
      value: 0.99979436
      objectReference: {fileID: 0}
    - target: {fileID: 919132149155446097, guid: d15c4bffc5d56f2499aaeee9473e3a59,
        type: 3}
      propertyPath: m_Name
      value: Wood_Plank_02 (7)
      objectReference: {fileID: 0}
    m_RemovedComponents: []
  m_SourcePrefab: {fileID: 100100000, guid: d15c4bffc5d56f2499aaeee9473e3a59, type: 3}
--- !u!4 &3370791680108510311 stripped
Transform:
  m_CorrespondingSourceObject: {fileID: -8679921383154817045, guid: d15c4bffc5d56f2499aaeee9473e3a59,
    type: 3}
  m_PrefabInstance: {fileID: 2976259581288176524}
  m_PrefabAsset: {fileID: 0}
--- !u!1001 &4329047157907489537
PrefabInstance:
  m_ObjectHideFlags: 0
  serializedVersion: 2
  m_Modification:
    m_TransformParent: {fileID: 531622081302984121}
    m_Modifications:
    - target: {fileID: -8679921383154817045, guid: d15c4bffc5d56f2499aaeee9473e3a59,
        type: 3}
      propertyPath: m_LocalPosition.x
      value: -1.1218047
      objectReference: {fileID: 0}
    - target: {fileID: -8679921383154817045, guid: d15c4bffc5d56f2499aaeee9473e3a59,
        type: 3}
      propertyPath: m_LocalPosition.y
      value: 0.8768561
      objectReference: {fileID: 0}
    - target: {fileID: -8679921383154817045, guid: d15c4bffc5d56f2499aaeee9473e3a59,
        type: 3}
      propertyPath: m_LocalPosition.z
      value: -0.011076927
      objectReference: {fileID: 0}
    - target: {fileID: -8679921383154817045, guid: d15c4bffc5d56f2499aaeee9473e3a59,
        type: 3}
      propertyPath: m_LocalRotation.x
      value: 0.00644508
      objectReference: {fileID: 0}
    - target: {fileID: -8679921383154817045, guid: d15c4bffc5d56f2499aaeee9473e3a59,
        type: 3}
      propertyPath: m_LocalRotation.y
      value: -0.0047372277
      objectReference: {fileID: 0}
    - target: {fileID: -8679921383154817045, guid: d15c4bffc5d56f2499aaeee9473e3a59,
        type: 3}
      propertyPath: m_LocalRotation.z
      value: -0.71155477
      objectReference: {fileID: 0}
    - target: {fileID: -8679921383154817045, guid: d15c4bffc5d56f2499aaeee9473e3a59,
        type: 3}
      propertyPath: m_LocalRotation.w
      value: 0.70258516
      objectReference: {fileID: 0}
    - target: {fileID: -8679921383154817045, guid: d15c4bffc5d56f2499aaeee9473e3a59,
        type: 3}
      propertyPath: m_RootOrder
      value: 9
      objectReference: {fileID: 0}
    - target: {fileID: -8679921383154817045, guid: d15c4bffc5d56f2499aaeee9473e3a59,
        type: 3}
      propertyPath: m_LocalEulerAnglesHint.x
      value: 0
      objectReference: {fileID: 0}
    - target: {fileID: -8679921383154817045, guid: d15c4bffc5d56f2499aaeee9473e3a59,
        type: 3}
      propertyPath: m_LocalEulerAnglesHint.y
      value: 0
      objectReference: {fileID: 0}
    - target: {fileID: -8679921383154817045, guid: d15c4bffc5d56f2499aaeee9473e3a59,
        type: 3}
      propertyPath: m_LocalEulerAnglesHint.z
      value: 0
      objectReference: {fileID: 0}
    - target: {fileID: -8679921383154817045, guid: d15c4bffc5d56f2499aaeee9473e3a59,
        type: 3}
      propertyPath: m_LocalScale.x
      value: 0.99986815
      objectReference: {fileID: 0}
    - target: {fileID: -8679921383154817045, guid: d15c4bffc5d56f2499aaeee9473e3a59,
        type: 3}
      propertyPath: m_LocalScale.y
      value: 0.54917
      objectReference: {fileID: 0}
    - target: {fileID: -8679921383154817045, guid: d15c4bffc5d56f2499aaeee9473e3a59,
        type: 3}
      propertyPath: m_LocalScale.z
      value: 0.99979436
      objectReference: {fileID: 0}
    - target: {fileID: 919132149155446097, guid: d15c4bffc5d56f2499aaeee9473e3a59,
        type: 3}
      propertyPath: m_Name
      value: Wood_Plank_02 (8)
      objectReference: {fileID: 0}
    m_RemovedComponents: []
  m_SourcePrefab: {fileID: 100100000, guid: d15c4bffc5d56f2499aaeee9473e3a59, type: 3}
--- !u!4 &4294573710838392042 stripped
Transform:
  m_CorrespondingSourceObject: {fileID: -8679921383154817045, guid: d15c4bffc5d56f2499aaeee9473e3a59,
    type: 3}
  m_PrefabInstance: {fileID: 4329047157907489537}
  m_PrefabAsset: {fileID: 0}
--- !u!1001 &5206245395417060210
PrefabInstance:
  m_ObjectHideFlags: 0
  serializedVersion: 2
  m_Modification:
    m_TransformParent: {fileID: 531622081302984121}
    m_Modifications:
    - target: {fileID: -8679921383154817045, guid: d15c4bffc5d56f2499aaeee9473e3a59,
        type: 3}
      propertyPath: m_LocalPosition.x
      value: 0.7556228
      objectReference: {fileID: 0}
    - target: {fileID: -8679921383154817045, guid: d15c4bffc5d56f2499aaeee9473e3a59,
        type: 3}
      propertyPath: m_LocalPosition.y
      value: 0.8334111
      objectReference: {fileID: 0}
    - target: {fileID: -8679921383154817045, guid: d15c4bffc5d56f2499aaeee9473e3a59,
        type: 3}
      propertyPath: m_LocalPosition.z
      value: 0.042952657
      objectReference: {fileID: 0}
    - target: {fileID: -8679921383154817045, guid: d15c4bffc5d56f2499aaeee9473e3a59,
        type: 3}
      propertyPath: m_LocalRotation.x
      value: 0.00644508
      objectReference: {fileID: 0}
    - target: {fileID: -8679921383154817045, guid: d15c4bffc5d56f2499aaeee9473e3a59,
        type: 3}
      propertyPath: m_LocalRotation.y
      value: -0.0047372277
      objectReference: {fileID: 0}
    - target: {fileID: -8679921383154817045, guid: d15c4bffc5d56f2499aaeee9473e3a59,
        type: 3}
      propertyPath: m_LocalRotation.z
      value: -0.71155477
      objectReference: {fileID: 0}
    - target: {fileID: -8679921383154817045, guid: d15c4bffc5d56f2499aaeee9473e3a59,
        type: 3}
      propertyPath: m_LocalRotation.w
      value: 0.70258516
      objectReference: {fileID: 0}
    - target: {fileID: -8679921383154817045, guid: d15c4bffc5d56f2499aaeee9473e3a59,
        type: 3}
      propertyPath: m_RootOrder
      value: 3
      objectReference: {fileID: 0}
    - target: {fileID: -8679921383154817045, guid: d15c4bffc5d56f2499aaeee9473e3a59,
        type: 3}
      propertyPath: m_LocalEulerAnglesHint.x
      value: 0
      objectReference: {fileID: 0}
    - target: {fileID: -8679921383154817045, guid: d15c4bffc5d56f2499aaeee9473e3a59,
        type: 3}
      propertyPath: m_LocalEulerAnglesHint.y
      value: 0
      objectReference: {fileID: 0}
    - target: {fileID: -8679921383154817045, guid: d15c4bffc5d56f2499aaeee9473e3a59,
        type: 3}
      propertyPath: m_LocalEulerAnglesHint.z
      value: 0
      objectReference: {fileID: 0}
    - target: {fileID: -8679921383154817045, guid: d15c4bffc5d56f2499aaeee9473e3a59,
        type: 3}
      propertyPath: m_LocalScale.x
      value: 0.99986815
      objectReference: {fileID: 0}
    - target: {fileID: -8679921383154817045, guid: d15c4bffc5d56f2499aaeee9473e3a59,
        type: 3}
      propertyPath: m_LocalScale.y
      value: 0.54917
      objectReference: {fileID: 0}
    - target: {fileID: -8679921383154817045, guid: d15c4bffc5d56f2499aaeee9473e3a59,
        type: 3}
      propertyPath: m_LocalScale.z
      value: 0.99979436
      objectReference: {fileID: 0}
    - target: {fileID: 919132149155446097, guid: d15c4bffc5d56f2499aaeee9473e3a59,
        type: 3}
      propertyPath: m_Name
      value: Wood_Plank_02 (2)
      objectReference: {fileID: 0}
    m_RemovedComponents: []
  m_SourcePrefab: {fileID: 100100000, guid: d15c4bffc5d56f2499aaeee9473e3a59, type: 3}
--- !u!4 &5749678247078376601 stripped
Transform:
  m_CorrespondingSourceObject: {fileID: -8679921383154817045, guid: d15c4bffc5d56f2499aaeee9473e3a59,
    type: 3}
  m_PrefabInstance: {fileID: 5206245395417060210}
  m_PrefabAsset: {fileID: 0}
--- !u!1001 &5468300012524508016
PrefabInstance:
  m_ObjectHideFlags: 0
  serializedVersion: 2
  m_Modification:
    m_TransformParent: {fileID: 531622081302984121}
    m_Modifications:
    - target: {fileID: -8679921383154817045, guid: d15c4bffc5d56f2499aaeee9473e3a59,
        type: 3}
      propertyPath: m_LocalPosition.x
      value: 0.4427184
      objectReference: {fileID: 0}
    - target: {fileID: -8679921383154817045, guid: d15c4bffc5d56f2499aaeee9473e3a59,
        type: 3}
      propertyPath: m_LocalPosition.y
      value: 0.8406519
      objectReference: {fileID: 0}
    - target: {fileID: -8679921383154817045, guid: d15c4bffc5d56f2499aaeee9473e3a59,
        type: 3}
      propertyPath: m_LocalPosition.z
      value: 0.033947706
      objectReference: {fileID: 0}
    - target: {fileID: -8679921383154817045, guid: d15c4bffc5d56f2499aaeee9473e3a59,
        type: 3}
      propertyPath: m_LocalRotation.x
      value: 0.00644508
      objectReference: {fileID: 0}
    - target: {fileID: -8679921383154817045, guid: d15c4bffc5d56f2499aaeee9473e3a59,
        type: 3}
      propertyPath: m_LocalRotation.y
      value: -0.0047372277
      objectReference: {fileID: 0}
    - target: {fileID: -8679921383154817045, guid: d15c4bffc5d56f2499aaeee9473e3a59,
        type: 3}
      propertyPath: m_LocalRotation.z
      value: -0.71155477
      objectReference: {fileID: 0}
    - target: {fileID: -8679921383154817045, guid: d15c4bffc5d56f2499aaeee9473e3a59,
        type: 3}
      propertyPath: m_LocalRotation.w
      value: 0.70258516
      objectReference: {fileID: 0}
    - target: {fileID: -8679921383154817045, guid: d15c4bffc5d56f2499aaeee9473e3a59,
        type: 3}
      propertyPath: m_RootOrder
      value: 4
      objectReference: {fileID: 0}
    - target: {fileID: -8679921383154817045, guid: d15c4bffc5d56f2499aaeee9473e3a59,
        type: 3}
      propertyPath: m_LocalEulerAnglesHint.x
      value: 0
      objectReference: {fileID: 0}
    - target: {fileID: -8679921383154817045, guid: d15c4bffc5d56f2499aaeee9473e3a59,
        type: 3}
      propertyPath: m_LocalEulerAnglesHint.y
      value: 0
      objectReference: {fileID: 0}
    - target: {fileID: -8679921383154817045, guid: d15c4bffc5d56f2499aaeee9473e3a59,
        type: 3}
      propertyPath: m_LocalEulerAnglesHint.z
      value: 0
      objectReference: {fileID: 0}
    - target: {fileID: -8679921383154817045, guid: d15c4bffc5d56f2499aaeee9473e3a59,
        type: 3}
      propertyPath: m_LocalScale.x
      value: 0.99986815
      objectReference: {fileID: 0}
    - target: {fileID: -8679921383154817045, guid: d15c4bffc5d56f2499aaeee9473e3a59,
        type: 3}
      propertyPath: m_LocalScale.y
      value: 0.54917
      objectReference: {fileID: 0}
    - target: {fileID: -8679921383154817045, guid: d15c4bffc5d56f2499aaeee9473e3a59,
        type: 3}
      propertyPath: m_LocalScale.z
      value: 0.99979436
      objectReference: {fileID: 0}
    - target: {fileID: 919132149155446097, guid: d15c4bffc5d56f2499aaeee9473e3a59,
        type: 3}
      propertyPath: m_Name
      value: Wood_Plank_02 (3)
      objectReference: {fileID: 0}
    m_RemovedComponents: []
  m_SourcePrefab: {fileID: 100100000, guid: d15c4bffc5d56f2499aaeee9473e3a59, type: 3}
--- !u!4 &5506200982728799387 stripped
Transform:
  m_CorrespondingSourceObject: {fileID: -8679921383154817045, guid: d15c4bffc5d56f2499aaeee9473e3a59,
    type: 3}
  m_PrefabInstance: {fileID: 5468300012524508016}
  m_PrefabAsset: {fileID: 0}
--- !u!1001 &5847704282405384730
PrefabInstance:
  m_ObjectHideFlags: 0
  serializedVersion: 2
  m_Modification:
    m_TransformParent: {fileID: 531622081302984121}
    m_Modifications:
    - target: {fileID: -8679921383154817045, guid: d15c4bffc5d56f2499aaeee9473e3a59,
        type: 3}
      propertyPath: m_LocalPosition.x
      value: 0.14079301
      objectReference: {fileID: 0}
    - target: {fileID: -8679921383154817045, guid: d15c4bffc5d56f2499aaeee9473e3a59,
        type: 3}
      propertyPath: m_LocalPosition.y
      value: 0.84763867
      objectReference: {fileID: 0}
    - target: {fileID: -8679921383154817045, guid: d15c4bffc5d56f2499aaeee9473e3a59,
        type: 3}
      propertyPath: m_LocalPosition.z
      value: 0.025258765
      objectReference: {fileID: 0}
    - target: {fileID: -8679921383154817045, guid: d15c4bffc5d56f2499aaeee9473e3a59,
        type: 3}
      propertyPath: m_LocalRotation.x
      value: 0.00644508
      objectReference: {fileID: 0}
    - target: {fileID: -8679921383154817045, guid: d15c4bffc5d56f2499aaeee9473e3a59,
        type: 3}
      propertyPath: m_LocalRotation.y
      value: -0.0047372277
      objectReference: {fileID: 0}
    - target: {fileID: -8679921383154817045, guid: d15c4bffc5d56f2499aaeee9473e3a59,
        type: 3}
      propertyPath: m_LocalRotation.z
      value: -0.71155477
      objectReference: {fileID: 0}
    - target: {fileID: -8679921383154817045, guid: d15c4bffc5d56f2499aaeee9473e3a59,
        type: 3}
      propertyPath: m_LocalRotation.w
      value: 0.70258516
      objectReference: {fileID: 0}
    - target: {fileID: -8679921383154817045, guid: d15c4bffc5d56f2499aaeee9473e3a59,
        type: 3}
      propertyPath: m_RootOrder
      value: 5
      objectReference: {fileID: 0}
    - target: {fileID: -8679921383154817045, guid: d15c4bffc5d56f2499aaeee9473e3a59,
        type: 3}
      propertyPath: m_LocalEulerAnglesHint.x
      value: 0
      objectReference: {fileID: 0}
    - target: {fileID: -8679921383154817045, guid: d15c4bffc5d56f2499aaeee9473e3a59,
        type: 3}
      propertyPath: m_LocalEulerAnglesHint.y
      value: 0
      objectReference: {fileID: 0}
    - target: {fileID: -8679921383154817045, guid: d15c4bffc5d56f2499aaeee9473e3a59,
        type: 3}
      propertyPath: m_LocalEulerAnglesHint.z
      value: 0
      objectReference: {fileID: 0}
    - target: {fileID: -8679921383154817045, guid: d15c4bffc5d56f2499aaeee9473e3a59,
        type: 3}
      propertyPath: m_LocalScale.x
      value: 0.99986815
      objectReference: {fileID: 0}
    - target: {fileID: -8679921383154817045, guid: d15c4bffc5d56f2499aaeee9473e3a59,
        type: 3}
      propertyPath: m_LocalScale.y
      value: 0.54917
      objectReference: {fileID: 0}
    - target: {fileID: -8679921383154817045, guid: d15c4bffc5d56f2499aaeee9473e3a59,
        type: 3}
      propertyPath: m_LocalScale.z
      value: 0.99979436
      objectReference: {fileID: 0}
    - target: {fileID: 919132149155446097, guid: d15c4bffc5d56f2499aaeee9473e3a59,
        type: 3}
      propertyPath: m_Name
      value: Wood_Plank_02 (4)
      objectReference: {fileID: 0}
    m_RemovedComponents: []
  m_SourcePrefab: {fileID: 100100000, guid: d15c4bffc5d56f2499aaeee9473e3a59, type: 3}
--- !u!4 &6245790587122931185 stripped
Transform:
  m_CorrespondingSourceObject: {fileID: -8679921383154817045, guid: d15c4bffc5d56f2499aaeee9473e3a59,
    type: 3}
  m_PrefabInstance: {fileID: 5847704282405384730}
  m_PrefabAsset: {fileID: 0}
--- !u!1001 &7347689822822083922
PrefabInstance:
  m_ObjectHideFlags: 0
  serializedVersion: 2
  m_Modification:
    m_TransformParent: {fileID: 531622081302984121}
    m_Modifications:
    - target: {fileID: -8679921383154817045, guid: d15c4bffc5d56f2499aaeee9473e3a59,
        type: 3}
      propertyPath: m_LocalPosition.x
      value: 1.053157
      objectReference: {fileID: 0}
    - target: {fileID: -8679921383154817045, guid: d15c4bffc5d56f2499aaeee9473e3a59,
        type: 3}
      propertyPath: m_LocalPosition.y
      value: 0.8265259
      objectReference: {fileID: 0}
    - target: {fileID: -8679921383154817045, guid: d15c4bffc5d56f2499aaeee9473e3a59,
        type: 3}
      propertyPath: m_LocalPosition.z
      value: 0.05151522
      objectReference: {fileID: 0}
    - target: {fileID: -8679921383154817045, guid: d15c4bffc5d56f2499aaeee9473e3a59,
        type: 3}
      propertyPath: m_LocalRotation.x
      value: 0.00644508
      objectReference: {fileID: 0}
    - target: {fileID: -8679921383154817045, guid: d15c4bffc5d56f2499aaeee9473e3a59,
        type: 3}
      propertyPath: m_LocalRotation.y
      value: -0.0047372277
      objectReference: {fileID: 0}
    - target: {fileID: -8679921383154817045, guid: d15c4bffc5d56f2499aaeee9473e3a59,
        type: 3}
      propertyPath: m_LocalRotation.z
      value: -0.71155477
      objectReference: {fileID: 0}
    - target: {fileID: -8679921383154817045, guid: d15c4bffc5d56f2499aaeee9473e3a59,
        type: 3}
      propertyPath: m_LocalRotation.w
      value: 0.70258516
      objectReference: {fileID: 0}
    - target: {fileID: -8679921383154817045, guid: d15c4bffc5d56f2499aaeee9473e3a59,
        type: 3}
      propertyPath: m_RootOrder
      value: 2
      objectReference: {fileID: 0}
    - target: {fileID: -8679921383154817045, guid: d15c4bffc5d56f2499aaeee9473e3a59,
        type: 3}
      propertyPath: m_LocalEulerAnglesHint.x
      value: 0
      objectReference: {fileID: 0}
    - target: {fileID: -8679921383154817045, guid: d15c4bffc5d56f2499aaeee9473e3a59,
        type: 3}
      propertyPath: m_LocalEulerAnglesHint.y
      value: 0
      objectReference: {fileID: 0}
    - target: {fileID: -8679921383154817045, guid: d15c4bffc5d56f2499aaeee9473e3a59,
        type: 3}
      propertyPath: m_LocalEulerAnglesHint.z
      value: 0
      objectReference: {fileID: 0}
    - target: {fileID: -8679921383154817045, guid: d15c4bffc5d56f2499aaeee9473e3a59,
        type: 3}
      propertyPath: m_LocalScale.x
      value: 0.99986815
      objectReference: {fileID: 0}
    - target: {fileID: -8679921383154817045, guid: d15c4bffc5d56f2499aaeee9473e3a59,
        type: 3}
      propertyPath: m_LocalScale.y
      value: 0.54917
      objectReference: {fileID: 0}
    - target: {fileID: -8679921383154817045, guid: d15c4bffc5d56f2499aaeee9473e3a59,
        type: 3}
      propertyPath: m_LocalScale.z
      value: 0.99979436
      objectReference: {fileID: 0}
    - target: {fileID: 919132149155446097, guid: d15c4bffc5d56f2499aaeee9473e3a59,
        type: 3}
      propertyPath: m_Name
      value: Wood_Plank_02 (1)
      objectReference: {fileID: 0}
    m_RemovedComponents: []
  m_SourcePrefab: {fileID: 100100000, guid: d15c4bffc5d56f2499aaeee9473e3a59, type: 3}
--- !u!4 &7093879198056270521 stripped
Transform:
  m_CorrespondingSourceObject: {fileID: -8679921383154817045, guid: d15c4bffc5d56f2499aaeee9473e3a59,
    type: 3}
  m_PrefabInstance: {fileID: 7347689822822083922}
  m_PrefabAsset: {fileID: 0}
--- !u!1001 &7412910521876345305
PrefabInstance:
  m_ObjectHideFlags: 0
  serializedVersion: 2
  m_Modification:
    m_TransformParent: {fileID: 531622081302984121}
    m_Modifications:
    - target: {fileID: -8679921383154817045, guid: 3f3df8b6ba8a24f47ab8f11c95dfff31,
        type: 3}
      propertyPath: m_LocalPosition.x
      value: 0.011056824
      objectReference: {fileID: 0}
    - target: {fileID: -8679921383154817045, guid: 3f3df8b6ba8a24f47ab8f11c95dfff31,
        type: 3}
      propertyPath: m_LocalPosition.y
      value: 1.5898675
      objectReference: {fileID: 0}
    - target: {fileID: -8679921383154817045, guid: 3f3df8b6ba8a24f47ab8f11c95dfff31,
        type: 3}
      propertyPath: m_LocalPosition.z
      value: 0.003999589
      objectReference: {fileID: 0}
    - target: {fileID: -8679921383154817045, guid: 3f3df8b6ba8a24f47ab8f11c95dfff31,
        type: 3}
      propertyPath: m_LocalRotation.x
      value: -0
      objectReference: {fileID: 0}
    - target: {fileID: -8679921383154817045, guid: 3f3df8b6ba8a24f47ab8f11c95dfff31,
        type: 3}
      propertyPath: m_LocalRotation.y
      value: -0
      objectReference: {fileID: 0}
    - target: {fileID: -8679921383154817045, guid: 3f3df8b6ba8a24f47ab8f11c95dfff31,
        type: 3}
      propertyPath: m_LocalRotation.z
      value: -0
      objectReference: {fileID: 0}
    - target: {fileID: -8679921383154817045, guid: 3f3df8b6ba8a24f47ab8f11c95dfff31,
        type: 3}
      propertyPath: m_LocalRotation.w
      value: 1
      objectReference: {fileID: 0}
    - target: {fileID: -8679921383154817045, guid: 3f3df8b6ba8a24f47ab8f11c95dfff31,
        type: 3}
      propertyPath: m_RootOrder
      value: 1
      objectReference: {fileID: 0}
    - target: {fileID: -8679921383154817045, guid: 3f3df8b6ba8a24f47ab8f11c95dfff31,
        type: 3}
      propertyPath: m_LocalEulerAnglesHint.x
      value: -90.91599
      objectReference: {fileID: 0}
    - target: {fileID: -8679921383154817045, guid: 3f3df8b6ba8a24f47ab8f11c95dfff31,
        type: 3}
      propertyPath: m_LocalEulerAnglesHint.y
      value: 9.046997
      objectReference: {fileID: 0}
    - target: {fileID: -8679921383154817045, guid: 3f3df8b6ba8a24f47ab8f11c95dfff31,
        type: 3}
      propertyPath: m_LocalEulerAnglesHint.z
      value: 81.67999
      objectReference: {fileID: 0}
    - target: {fileID: -8679921383154817045, guid: 3f3df8b6ba8a24f47ab8f11c95dfff31,
        type: 3}
      propertyPath: m_LocalScale.x
      value: 1
      objectReference: {fileID: 0}
    - target: {fileID: 919132149155446097, guid: 3f3df8b6ba8a24f47ab8f11c95dfff31,
        type: 3}
      propertyPath: m_Name
      value: Wood_Plank_01 (1)
      objectReference: {fileID: 0}
    m_RemovedComponents: []
  m_SourcePrefab: {fileID: 100100000, guid: 3f3df8b6ba8a24f47ab8f11c95dfff31, type: 3}
--- !u!4 &7013595168193156658 stripped
Transform:
  m_CorrespondingSourceObject: {fileID: -8679921383154817045, guid: 3f3df8b6ba8a24f47ab8f11c95dfff31,
    type: 3}
  m_PrefabInstance: {fileID: 7412910521876345305}
  m_PrefabAsset: {fileID: 0}
--- !u!1001 &7572219805994426334
PrefabInstance:
  m_ObjectHideFlags: 0
  serializedVersion: 2
  m_Modification:
    m_TransformParent: {fileID: 531622081302984121}
    m_Modifications:
    - target: {fileID: -8679921383154817045, guid: d15c4bffc5d56f2499aaeee9473e3a59,
        type: 3}
      propertyPath: m_LocalPosition.x
      value: -1.4841154
      objectReference: {fileID: 0}
    - target: {fileID: -8679921383154817045, guid: d15c4bffc5d56f2499aaeee9473e3a59,
        type: 3}
      propertyPath: m_LocalPosition.y
      value: 0.8852402
      objectReference: {fileID: 0}
    - target: {fileID: -8679921383154817045, guid: d15c4bffc5d56f2499aaeee9473e3a59,
        type: 3}
      propertyPath: m_LocalPosition.z
      value: -0.021503687
      objectReference: {fileID: 0}
    - target: {fileID: -8679921383154817045, guid: d15c4bffc5d56f2499aaeee9473e3a59,
        type: 3}
      propertyPath: m_LocalRotation.x
      value: 0.00644508
      objectReference: {fileID: 0}
    - target: {fileID: -8679921383154817045, guid: d15c4bffc5d56f2499aaeee9473e3a59,
        type: 3}
      propertyPath: m_LocalRotation.y
      value: -0.0047372277
      objectReference: {fileID: 0}
    - target: {fileID: -8679921383154817045, guid: d15c4bffc5d56f2499aaeee9473e3a59,
        type: 3}
      propertyPath: m_LocalRotation.z
      value: -0.71155477
      objectReference: {fileID: 0}
    - target: {fileID: -8679921383154817045, guid: d15c4bffc5d56f2499aaeee9473e3a59,
        type: 3}
      propertyPath: m_LocalRotation.w
      value: 0.70258516
      objectReference: {fileID: 0}
    - target: {fileID: -8679921383154817045, guid: d15c4bffc5d56f2499aaeee9473e3a59,
        type: 3}
      propertyPath: m_RootOrder
      value: 10
      objectReference: {fileID: 0}
    - target: {fileID: -8679921383154817045, guid: d15c4bffc5d56f2499aaeee9473e3a59,
        type: 3}
      propertyPath: m_LocalEulerAnglesHint.x
      value: 0
      objectReference: {fileID: 0}
    - target: {fileID: -8679921383154817045, guid: d15c4bffc5d56f2499aaeee9473e3a59,
        type: 3}
      propertyPath: m_LocalEulerAnglesHint.y
      value: 0
      objectReference: {fileID: 0}
    - target: {fileID: -8679921383154817045, guid: d15c4bffc5d56f2499aaeee9473e3a59,
        type: 3}
      propertyPath: m_LocalEulerAnglesHint.z
      value: 0
      objectReference: {fileID: 0}
    - target: {fileID: -8679921383154817045, guid: d15c4bffc5d56f2499aaeee9473e3a59,
        type: 3}
      propertyPath: m_LocalScale.x
      value: 0.99986815
      objectReference: {fileID: 0}
    - target: {fileID: -8679921383154817045, guid: d15c4bffc5d56f2499aaeee9473e3a59,
        type: 3}
      propertyPath: m_LocalScale.y
      value: 0.54917
      objectReference: {fileID: 0}
    - target: {fileID: -8679921383154817045, guid: d15c4bffc5d56f2499aaeee9473e3a59,
        type: 3}
      propertyPath: m_LocalScale.z
      value: 0.99979436
      objectReference: {fileID: 0}
    - target: {fileID: 919132149155446097, guid: d15c4bffc5d56f2499aaeee9473e3a59,
        type: 3}
      propertyPath: m_Name
      value: Wood_Plank_02 (9)
      objectReference: {fileID: 0}
    m_RemovedComponents: []
  m_SourcePrefab: {fileID: 100100000, guid: d15c4bffc5d56f2499aaeee9473e3a59, type: 3}
--- !u!4 &7971183006931286069 stripped
Transform:
  m_CorrespondingSourceObject: {fileID: -8679921383154817045, guid: d15c4bffc5d56f2499aaeee9473e3a59,
    type: 3}
  m_PrefabInstance: {fileID: 7572219805994426334}
  m_PrefabAsset: {fileID: 0}
--- !u!1001 &8549912802554712410
PrefabInstance:
  m_ObjectHideFlags: 0
  serializedVersion: 2
  m_Modification:
    m_TransformParent: {fileID: 531622081302984121}
    m_Modifications:
    - target: {fileID: -8679921383154817045, guid: d15c4bffc5d56f2499aaeee9473e3a59,
        type: 3}
      propertyPath: m_LocalPosition.x
      value: 1.3314493
      objectReference: {fileID: 0}
    - target: {fileID: -8679921383154817045, guid: d15c4bffc5d56f2499aaeee9473e3a59,
        type: 3}
      propertyPath: m_LocalPosition.y
      value: 0.82008606
      objectReference: {fileID: 0}
    - target: {fileID: -8679921383154817045, guid: d15c4bffc5d56f2499aaeee9473e3a59,
        type: 3}
      propertyPath: m_LocalPosition.z
      value: 0.05952382
      objectReference: {fileID: 0}
    - target: {fileID: -8679921383154817045, guid: d15c4bffc5d56f2499aaeee9473e3a59,
        type: 3}
      propertyPath: m_LocalRotation.x
      value: 0.00644508
      objectReference: {fileID: 0}
    - target: {fileID: -8679921383154817045, guid: d15c4bffc5d56f2499aaeee9473e3a59,
        type: 3}
      propertyPath: m_LocalRotation.y
      value: -0.0047372277
      objectReference: {fileID: 0}
    - target: {fileID: -8679921383154817045, guid: d15c4bffc5d56f2499aaeee9473e3a59,
        type: 3}
      propertyPath: m_LocalRotation.z
      value: -0.71155477
      objectReference: {fileID: 0}
    - target: {fileID: -8679921383154817045, guid: d15c4bffc5d56f2499aaeee9473e3a59,
        type: 3}
      propertyPath: m_LocalRotation.w
      value: 0.70258516
      objectReference: {fileID: 0}
    - target: {fileID: -8679921383154817045, guid: d15c4bffc5d56f2499aaeee9473e3a59,
        type: 3}
      propertyPath: m_RootOrder
      value: 0
      objectReference: {fileID: 0}
    - target: {fileID: -8679921383154817045, guid: d15c4bffc5d56f2499aaeee9473e3a59,
        type: 3}
      propertyPath: m_LocalEulerAnglesHint.x
      value: 0
      objectReference: {fileID: 0}
    - target: {fileID: -8679921383154817045, guid: d15c4bffc5d56f2499aaeee9473e3a59,
        type: 3}
      propertyPath: m_LocalEulerAnglesHint.y
      value: 0
      objectReference: {fileID: 0}
    - target: {fileID: -8679921383154817045, guid: d15c4bffc5d56f2499aaeee9473e3a59,
        type: 3}
      propertyPath: m_LocalEulerAnglesHint.z
      value: 0
      objectReference: {fileID: 0}
    - target: {fileID: -8679921383154817045, guid: d15c4bffc5d56f2499aaeee9473e3a59,
        type: 3}
      propertyPath: m_LocalScale.x
      value: 0.99986815
      objectReference: {fileID: 0}
    - target: {fileID: -8679921383154817045, guid: d15c4bffc5d56f2499aaeee9473e3a59,
        type: 3}
      propertyPath: m_LocalScale.y
      value: 0.54917
      objectReference: {fileID: 0}
    - target: {fileID: -8679921383154817045, guid: d15c4bffc5d56f2499aaeee9473e3a59,
        type: 3}
      propertyPath: m_LocalScale.z
      value: 0.99979436
      objectReference: {fileID: 0}
    - target: {fileID: 919132149155446097, guid: d15c4bffc5d56f2499aaeee9473e3a59,
        type: 3}
      propertyPath: m_Name
      value: Wood_Plank_02
      objectReference: {fileID: 0}
    m_RemovedComponents: []
  m_SourcePrefab: {fileID: 100100000, guid: d15c4bffc5d56f2499aaeee9473e3a59, type: 3}
--- !u!4 &8155417597507794609 stripped
Transform:
  m_CorrespondingSourceObject: {fileID: -8679921383154817045, guid: d15c4bffc5d56f2499aaeee9473e3a59,
    type: 3}
  m_PrefabInstance: {fileID: 8549912802554712410}
  m_PrefabAsset: {fileID: 0}
