%YAML 1.1
%TAG !u! tag:unity3d.com,2011:
--- !u!1 &5628898598985880059
GameObject:
  m_ObjectHideFlags: 0
  m_CorrespondingSourceObject: {fileID: 0}
  m_PrefabInstance: {fileID: 0}
  m_PrefabAsset: {fileID: 0}
  serializedVersion: 6
  m_Component:
  - component: {fileID: 5628898598985879556}
  - component: {fileID: 7361577870044965621}
  m_Layer: 0
  m_Name: Floor_A (1)
  m_TagString: Untagged
  m_Icon: {fileID: 0}
  m_NavMeshLayer: 0
  m_StaticEditorFlags: 0
  m_IsActive: 1
--- !u!4 &5628898598985879556
Transform:
  m_ObjectHideFlags: 0
  m_CorrespondingSourceObject: {fileID: 0}
  m_PrefabInstance: {fileID: 0}
  m_PrefabAsset: {fileID: 0}
  m_GameObject: {fileID: 5628898598985880059}
  m_LocalRotation: {x: -0, y: -0, z: -0, w: 1}
  m_LocalPosition: {x: 7.597015, y: 4.1691113, z: -17.23072}
  m_LocalScale: {x: 1, y: 1, z: 1}
  m_Children:
  - {fileID: 5302817101513219382}
  - {fileID: 5302817100677324652}
  - {fileID: 5302817100537393059}
  - {fileID: 5302817101210706181}
  - {fileID: 5302817101233006199}
  - {fileID: 5302817100099335651}
  - {fileID: 5302817100339187066}
  m_Father: {fileID: 0}
  m_RootOrder: 0
  m_LocalEulerAnglesHint: {x: 0, y: 0, z: 0}
--- !u!65 &7361577870044965621
BoxCollider:
  m_ObjectHideFlags: 0
  m_CorrespondingSourceObject: {fileID: 0}
  m_PrefabInstance: {fileID: 0}
  m_PrefabAsset: {fileID: 0}
  m_GameObject: {fileID: 5628898598985880059}
  m_Material: {fileID: 0}
  m_IsTrigger: 0
  m_Enabled: 1
  serializedVersion: 2
  m_Size: {x: 4.87, y: 13.1947, z: 6.67}
  m_Center: {x: 0, y: -6.5775, z: 0}
--- !u!1001 &5628898597726763741
PrefabInstance:
  m_ObjectHideFlags: 0
  serializedVersion: 2
  m_Modification:
    m_TransformParent: {fileID: 5628898598985879556}
    m_Modifications:
    - target: {fileID: -8679921383154817045, guid: 1951fd0cefdd6684aaebf378429351e9,
        type: 3}
      propertyPath: m_LocalPosition.x
      value: -0.059999943
      objectReference: {fileID: 0}
    - target: {fileID: -8679921383154817045, guid: 1951fd0cefdd6684aaebf378429351e9,
        type: 3}
      propertyPath: m_LocalPosition.y
      value: -4.428
      objectReference: {fileID: 0}
    - target: {fileID: -8679921383154817045, guid: 1951fd0cefdd6684aaebf378429351e9,
        type: 3}
      propertyPath: m_LocalPosition.z
      value: -0.049999952
      objectReference: {fileID: 0}
    - target: {fileID: -8679921383154817045, guid: 1951fd0cefdd6684aaebf378429351e9,
        type: 3}
      propertyPath: m_LocalRotation.x
      value: -0.5
      objectReference: {fileID: 0}
    - target: {fileID: -8679921383154817045, guid: 1951fd0cefdd6684aaebf378429351e9,
        type: 3}
      propertyPath: m_LocalRotation.y
      value: 0.5
      objectReference: {fileID: 0}
    - target: {fileID: -8679921383154817045, guid: 1951fd0cefdd6684aaebf378429351e9,
        type: 3}
      propertyPath: m_LocalRotation.z
      value: 0.5
      objectReference: {fileID: 0}
    - target: {fileID: -8679921383154817045, guid: 1951fd0cefdd6684aaebf378429351e9,
        type: 3}
      propertyPath: m_LocalRotation.w
      value: 0.5
      objectReference: {fileID: 0}
    - target: {fileID: -8679921383154817045, guid: 1951fd0cefdd6684aaebf378429351e9,
        type: 3}
      propertyPath: m_RootOrder
      value: 0
      objectReference: {fileID: 0}
    - target: {fileID: -8679921383154817045, guid: 1951fd0cefdd6684aaebf378429351e9,
        type: 3}
      propertyPath: m_LocalEulerAnglesHint.x
      value: -90.00001
      objectReference: {fileID: 0}
    - target: {fileID: -8679921383154817045, guid: 1951fd0cefdd6684aaebf378429351e9,
        type: 3}
      propertyPath: m_LocalEulerAnglesHint.y
      value: 0
      objectReference: {fileID: 0}
    - target: {fileID: -8679921383154817045, guid: 1951fd0cefdd6684aaebf378429351e9,
        type: 3}
      propertyPath: m_LocalEulerAnglesHint.z
      value: 90
      objectReference: {fileID: 0}
    - target: {fileID: 919132149155446097, guid: 1951fd0cefdd6684aaebf378429351e9,
        type: 3}
      propertyPath: m_Name
      value: Wall_02
      objectReference: {fileID: 0}
    m_RemovedComponents: []
  m_SourcePrefab: {fileID: 100100000, guid: 1951fd0cefdd6684aaebf378429351e9, type: 3}
--- !u!4 &5302817101513219382 stripped
Transform:
  m_CorrespondingSourceObject: {fileID: -8679921383154817045, guid: 1951fd0cefdd6684aaebf378429351e9,
    type: 3}
  m_PrefabInstance: {fileID: 5628898597726763741}
  m_PrefabAsset: {fileID: 0}
--- !u!1001 &5628898598029264622
PrefabInstance:
  m_ObjectHideFlags: 0
  serializedVersion: 2
  m_Modification:
    m_TransformParent: {fileID: 5628898598985879556}
    m_Modifications:
    - target: {fileID: -8679921383154817045, guid: e8f9f57c47538cd4ab4a40a23a86680e,
        type: 3}
      propertyPath: m_LocalPosition.x
      value: 1.11
      objectReference: {fileID: 0}
    - target: {fileID: -8679921383154817045, guid: e8f9f57c47538cd4ab4a40a23a86680e,
        type: 3}
      propertyPath: m_LocalPosition.y
      value: -0.29799998
      objectReference: {fileID: 0}
    - target: {fileID: -8679921383154817045, guid: e8f9f57c47538cd4ab4a40a23a86680e,
        type: 3}
      propertyPath: m_LocalPosition.z
      value: -3.28
      objectReference: {fileID: 0}
    - target: {fileID: -8679921383154817045, guid: e8f9f57c47538cd4ab4a40a23a86680e,
        type: 3}
      propertyPath: m_LocalRotation.x
      value: -0.49933714
      objectReference: {fileID: 0}
    - target: {fileID: -8679921383154817045, guid: e8f9f57c47538cd4ab4a40a23a86680e,
        type: 3}
      propertyPath: m_LocalRotation.y
      value: 0.5006621
      objectReference: {fileID: 0}
    - target: {fileID: -8679921383154817045, guid: e8f9f57c47538cd4ab4a40a23a86680e,
        type: 3}
      propertyPath: m_LocalRotation.z
      value: 0.50066197
      objectReference: {fileID: 0}
    - target: {fileID: -8679921383154817045, guid: e8f9f57c47538cd4ab4a40a23a86680e,
        type: 3}
      propertyPath: m_LocalRotation.w
      value: 0.49933714
      objectReference: {fileID: 0}
    - target: {fileID: -8679921383154817045, guid: e8f9f57c47538cd4ab4a40a23a86680e,
        type: 3}
      propertyPath: m_RootOrder
      value: 3
      objectReference: {fileID: 0}
    - target: {fileID: -8679921383154817045, guid: e8f9f57c47538cd4ab4a40a23a86680e,
        type: 3}
      propertyPath: m_LocalEulerAnglesHint.x
      value: -90.00001
      objectReference: {fileID: 0}
    - target: {fileID: -8679921383154817045, guid: e8f9f57c47538cd4ab4a40a23a86680e,
        type: 3}
      propertyPath: m_LocalEulerAnglesHint.y
      value: 0
      objectReference: {fileID: 0}
    - target: {fileID: -8679921383154817045, guid: e8f9f57c47538cd4ab4a40a23a86680e,
        type: 3}
      propertyPath: m_LocalEulerAnglesHint.z
      value: 90.15201
      objectReference: {fileID: 0}
    - target: {fileID: 919132149155446097, guid: e8f9f57c47538cd4ab4a40a23a86680e,
        type: 3}
      propertyPath: m_Name
      value: Floor_02
      objectReference: {fileID: 0}
    m_RemovedComponents: []
  m_SourcePrefab: {fileID: 100100000, guid: e8f9f57c47538cd4ab4a40a23a86680e, type: 3}
--- !u!4 &5302817101210706181 stripped
Transform:
  m_CorrespondingSourceObject: {fileID: -8679921383154817045, guid: e8f9f57c47538cd4ab4a40a23a86680e,
    type: 3}
  m_PrefabInstance: {fileID: 5628898598029264622}
  m_PrefabAsset: {fileID: 0}
--- !u!1001 &5628898598048579996
PrefabInstance:
  m_ObjectHideFlags: 0
  serializedVersion: 2
  m_Modification:
    m_TransformParent: {fileID: 5628898598985879556}
    m_Modifications:
    - target: {fileID: -8679921383154817045, guid: f86dbd1cf45f62d4fbdef1ce8bee5d1c,
        type: 3}
      propertyPath: m_LocalPosition.x
      value: -1.23
      objectReference: {fileID: 0}
    - target: {fileID: -8679921383154817045, guid: f86dbd1cf45f62d4fbdef1ce8bee5d1c,
        type: 3}
      propertyPath: m_LocalPosition.y
      value: -0.29799998
      objectReference: {fileID: 0}
    - target: {fileID: -8679921383154817045, guid: f86dbd1cf45f62d4fbdef1ce8bee5d1c,
        type: 3}
      propertyPath: m_LocalPosition.z
      value: 3.3
      objectReference: {fileID: 0}
    - target: {fileID: -8679921383154817045, guid: f86dbd1cf45f62d4fbdef1ce8bee5d1c,
        type: 3}
      propertyPath: m_LocalRotation.x
      value: -0.5
      objectReference: {fileID: 0}
    - target: {fileID: -8679921383154817045, guid: f86dbd1cf45f62d4fbdef1ce8bee5d1c,
        type: 3}
      propertyPath: m_LocalRotation.y
      value: -0.5
      objectReference: {fileID: 0}
    - target: {fileID: -8679921383154817045, guid: f86dbd1cf45f62d4fbdef1ce8bee5d1c,
        type: 3}
      propertyPath: m_LocalRotation.z
      value: -0.5
      objectReference: {fileID: 0}
    - target: {fileID: -8679921383154817045, guid: f86dbd1cf45f62d4fbdef1ce8bee5d1c,
        type: 3}
      propertyPath: m_LocalRotation.w
      value: 0.5
      objectReference: {fileID: 0}
    - target: {fileID: -8679921383154817045, guid: f86dbd1cf45f62d4fbdef1ce8bee5d1c,
        type: 3}
      propertyPath: m_RootOrder
      value: 4
      objectReference: {fileID: 0}
    - target: {fileID: -8679921383154817045, guid: f86dbd1cf45f62d4fbdef1ce8bee5d1c,
        type: 3}
      propertyPath: m_LocalEulerAnglesHint.x
      value: -90.00001
      objectReference: {fileID: 0}
    - target: {fileID: -8679921383154817045, guid: f86dbd1cf45f62d4fbdef1ce8bee5d1c,
        type: 3}
      propertyPath: m_LocalEulerAnglesHint.y
      value: 0
      objectReference: {fileID: 0}
    - target: {fileID: -8679921383154817045, guid: f86dbd1cf45f62d4fbdef1ce8bee5d1c,
        type: 3}
      propertyPath: m_LocalEulerAnglesHint.z
      value: -90
      objectReference: {fileID: 0}
    - target: {fileID: 919132149155446097, guid: f86dbd1cf45f62d4fbdef1ce8bee5d1c,
        type: 3}
      propertyPath: m_Name
      value: Floor_01
      objectReference: {fileID: 0}
    m_RemovedComponents: []
  m_SourcePrefab: {fileID: 100100000, guid: f86dbd1cf45f62d4fbdef1ce8bee5d1c, type: 3}
--- !u!4 &5302817101233006199 stripped
Transform:
  m_CorrespondingSourceObject: {fileID: -8679921383154817045, guid: f86dbd1cf45f62d4fbdef1ce8bee5d1c,
    type: 3}
  m_PrefabInstance: {fileID: 5628898598048579996}
  m_PrefabAsset: {fileID: 0}
--- !u!1001 &5628898598562330759
PrefabInstance:
  m_ObjectHideFlags: 0
  serializedVersion: 2
  m_Modification:
    m_TransformParent: {fileID: 5628898598985879556}
    m_Modifications:
    - target: {fileID: -8679921383154817045, guid: 1e7379bb3d16a024d844e0c88dfa1be5,
        type: 3}
      propertyPath: m_LocalPosition.x
      value: -0.06099999
      objectReference: {fileID: 0}
    - target: {fileID: -8679921383154817045, guid: 1e7379bb3d16a024d844e0c88dfa1be5,
        type: 3}
      propertyPath: m_LocalPosition.y
      value: -0.20799994
      objectReference: {fileID: 0}
    - target: {fileID: -8679921383154817045, guid: 1e7379bb3d16a024d844e0c88dfa1be5,
        type: 3}
      propertyPath: m_LocalPosition.z
      value: 0.029999971
      objectReference: {fileID: 0}
    - target: {fileID: -8679921383154817045, guid: 1e7379bb3d16a024d844e0c88dfa1be5,
        type: 3}
      propertyPath: m_LocalRotation.x
      value: -0.5
      objectReference: {fileID: 0}
    - target: {fileID: -8679921383154817045, guid: 1e7379bb3d16a024d844e0c88dfa1be5,
        type: 3}
      propertyPath: m_LocalRotation.y
      value: -0.5
      objectReference: {fileID: 0}
    - target: {fileID: -8679921383154817045, guid: 1e7379bb3d16a024d844e0c88dfa1be5,
        type: 3}
      propertyPath: m_LocalRotation.z
      value: -0.5
      objectReference: {fileID: 0}
    - target: {fileID: -8679921383154817045, guid: 1e7379bb3d16a024d844e0c88dfa1be5,
        type: 3}
      propertyPath: m_LocalRotation.w
      value: 0.5
      objectReference: {fileID: 0}
    - target: {fileID: -8679921383154817045, guid: 1e7379bb3d16a024d844e0c88dfa1be5,
        type: 3}
      propertyPath: m_RootOrder
      value: 1
      objectReference: {fileID: 0}
    - target: {fileID: -8679921383154817045, guid: 1e7379bb3d16a024d844e0c88dfa1be5,
        type: 3}
      propertyPath: m_LocalEulerAnglesHint.x
      value: -90.00001
      objectReference: {fileID: 0}
    - target: {fileID: -8679921383154817045, guid: 1e7379bb3d16a024d844e0c88dfa1be5,
        type: 3}
      propertyPath: m_LocalEulerAnglesHint.y
      value: 0
      objectReference: {fileID: 0}
    - target: {fileID: -8679921383154817045, guid: 1e7379bb3d16a024d844e0c88dfa1be5,
        type: 3}
      propertyPath: m_LocalEulerAnglesHint.z
      value: -90
      objectReference: {fileID: 0}
    - target: {fileID: 919132149155446097, guid: 1e7379bb3d16a024d844e0c88dfa1be5,
        type: 3}
      propertyPath: m_Name
      value: Wall_01
      objectReference: {fileID: 0}
    m_RemovedComponents: []
  m_SourcePrefab: {fileID: 100100000, guid: 1e7379bb3d16a024d844e0c88dfa1be5, type: 3}
--- !u!4 &5302817100677324652 stripped
Transform:
  m_CorrespondingSourceObject: {fileID: -8679921383154817045, guid: 1e7379bb3d16a024d844e0c88dfa1be5,
    type: 3}
  m_PrefabInstance: {fileID: 5628898598562330759}
  m_PrefabAsset: {fileID: 0}
--- !u!1001 &5628898598710708296
PrefabInstance:
  m_ObjectHideFlags: 0
  serializedVersion: 2
  m_Modification:
    m_TransformParent: {fileID: 5628898598985879556}
    m_Modifications:
    - target: {fileID: -8679921383154817045, guid: 059f2d6b8ca0bf94d9b64eb68c8afc8e,
        type: 3}
      propertyPath: m_LocalPosition.x
      value: 1.1800001
      objectReference: {fileID: 0}
    - target: {fileID: -8679921383154817045, guid: 059f2d6b8ca0bf94d9b64eb68c8afc8e,
        type: 3}
      propertyPath: m_LocalPosition.y
      value: -0.29799998
      objectReference: {fileID: 0}
    - target: {fileID: -8679921383154817045, guid: 059f2d6b8ca0bf94d9b64eb68c8afc8e,
        type: 3}
      propertyPath: m_LocalPosition.z
      value: 3.28
      objectReference: {fileID: 0}
    - target: {fileID: -8679921383154817045, guid: 059f2d6b8ca0bf94d9b64eb68c8afc8e,
        type: 3}
      propertyPath: m_LocalRotation.x
      value: -0.5055343
      objectReference: {fileID: 0}
    - target: {fileID: -8679921383154817045, guid: 059f2d6b8ca0bf94d9b64eb68c8afc8e,
        type: 3}
      propertyPath: m_LocalRotation.y
      value: -0.49440387
      objectReference: {fileID: 0}
    - target: {fileID: -8679921383154817045, guid: 059f2d6b8ca0bf94d9b64eb68c8afc8e,
        type: 3}
      propertyPath: m_LocalRotation.z
      value: -0.49440375
      objectReference: {fileID: 0}
    - target: {fileID: -8679921383154817045, guid: 059f2d6b8ca0bf94d9b64eb68c8afc8e,
        type: 3}
      propertyPath: m_LocalRotation.w
      value: 0.5055343
      objectReference: {fileID: 0}
    - target: {fileID: -8679921383154817045, guid: 059f2d6b8ca0bf94d9b64eb68c8afc8e,
        type: 3}
      propertyPath: m_RootOrder
      value: 2
      objectReference: {fileID: 0}
    - target: {fileID: -8679921383154817045, guid: 059f2d6b8ca0bf94d9b64eb68c8afc8e,
        type: 3}
      propertyPath: m_LocalEulerAnglesHint.x
      value: -90.00001
      objectReference: {fileID: 0}
    - target: {fileID: -8679921383154817045, guid: 059f2d6b8ca0bf94d9b64eb68c8afc8e,
        type: 3}
      propertyPath: m_LocalEulerAnglesHint.y
      value: 0
      objectReference: {fileID: 0}
    - target: {fileID: -8679921383154817045, guid: 059f2d6b8ca0bf94d9b64eb68c8afc8e,
        type: 3}
      propertyPath: m_LocalEulerAnglesHint.z
      value: -88.725006
      objectReference: {fileID: 0}
    - target: {fileID: -8679921383154817045, guid: 059f2d6b8ca0bf94d9b64eb68c8afc8e,
        type: 3}
      propertyPath: m_LocalScale.x
      value: 1
      objectReference: {fileID: 0}
    - target: {fileID: -8679921383154817045, guid: 059f2d6b8ca0bf94d9b64eb68c8afc8e,
        type: 3}
      propertyPath: m_LocalScale.y
      value: -1
      objectReference: {fileID: 0}
    - target: {fileID: 919132149155446097, guid: 059f2d6b8ca0bf94d9b64eb68c8afc8e,
        type: 3}
      propertyPath: m_Name
      value: Floor_03
      objectReference: {fileID: 0}
    m_RemovedComponents: []
  m_SourcePrefab: {fileID: 100100000, guid: 059f2d6b8ca0bf94d9b64eb68c8afc8e, type: 3}
--- !u!4 &5302817100537393059 stripped
Transform:
  m_CorrespondingSourceObject: {fileID: -8679921383154817045, guid: 059f2d6b8ca0bf94d9b64eb68c8afc8e,
    type: 3}
  m_PrefabInstance: {fileID: 5628898598710708296}
  m_PrefabAsset: {fileID: 0}
--- !u!1001 &5628898598900525713
PrefabInstance:
  m_ObjectHideFlags: 0
  serializedVersion: 2
  m_Modification:
    m_TransformParent: {fileID: 5628898598985879556}
    m_Modifications:
    - target: {fileID: -8679921383154817045, guid: 1951fd0cefdd6684aaebf378429351e9,
        type: 3}
      propertyPath: m_LocalPosition.x
      value: -0.059999943
      objectReference: {fileID: 0}
    - target: {fileID: -8679921383154817045, guid: 1951fd0cefdd6684aaebf378429351e9,
        type: 3}
      propertyPath: m_LocalPosition.y
      value: -8.758
      objectReference: {fileID: 0}
    - target: {fileID: -8679921383154817045, guid: 1951fd0cefdd6684aaebf378429351e9,
        type: 3}
      propertyPath: m_LocalPosition.z
      value: -0.049999952
      objectReference: {fileID: 0}
    - target: {fileID: -8679921383154817045, guid: 1951fd0cefdd6684aaebf378429351e9,
        type: 3}
      propertyPath: m_LocalRotation.x
      value: -0.5
      objectReference: {fileID: 0}
    - target: {fileID: -8679921383154817045, guid: 1951fd0cefdd6684aaebf378429351e9,
        type: 3}
      propertyPath: m_LocalRotation.y
      value: -0.5
      objectReference: {fileID: 0}
    - target: {fileID: -8679921383154817045, guid: 1951fd0cefdd6684aaebf378429351e9,
        type: 3}
      propertyPath: m_LocalRotation.z
      value: -0.5
      objectReference: {fileID: 0}
    - target: {fileID: -8679921383154817045, guid: 1951fd0cefdd6684aaebf378429351e9,
        type: 3}
      propertyPath: m_LocalRotation.w
      value: 0.5
      objectReference: {fileID: 0}
    - target: {fileID: -8679921383154817045, guid: 1951fd0cefdd6684aaebf378429351e9,
        type: 3}
      propertyPath: m_RootOrder
      value: 6
      objectReference: {fileID: 0}
    - target: {fileID: -8679921383154817045, guid: 1951fd0cefdd6684aaebf378429351e9,
        type: 3}
      propertyPath: m_LocalEulerAnglesHint.x
      value: -90.00001
      objectReference: {fileID: 0}
    - target: {fileID: -8679921383154817045, guid: 1951fd0cefdd6684aaebf378429351e9,
        type: 3}
      propertyPath: m_LocalEulerAnglesHint.y
      value: 0
      objectReference: {fileID: 0}
    - target: {fileID: -8679921383154817045, guid: 1951fd0cefdd6684aaebf378429351e9,
        type: 3}
      propertyPath: m_LocalEulerAnglesHint.z
      value: -90
      objectReference: {fileID: 0}
    - target: {fileID: 919132149155446097, guid: 1951fd0cefdd6684aaebf378429351e9,
        type: 3}
      propertyPath: m_Name
      value: Wall_02 (1)
      objectReference: {fileID: 0}
    m_RemovedComponents: []
  m_SourcePrefab: {fileID: 100100000, guid: 1951fd0cefdd6684aaebf378429351e9, type: 3}
--- !u!4 &5302817100339187066 stripped
Transform:
  m_CorrespondingSourceObject: {fileID: -8679921383154817045, guid: 1951fd0cefdd6684aaebf378429351e9,
    type: 3}
  m_PrefabInstance: {fileID: 5628898598900525713}
  m_PrefabAsset: {fileID: 0}
--- !u!1001 &5628898599148769800
PrefabInstance:
  m_ObjectHideFlags: 0
  serializedVersion: 2
  m_Modification:
    m_TransformParent: {fileID: 5628898598985879556}
    m_Modifications:
    - target: {fileID: -8679921383154817045, guid: 059f2d6b8ca0bf94d9b64eb68c8afc8e,
        type: 3}
      propertyPath: m_LocalPosition.x
      value: -1.23
      objectReference: {fileID: 0}
    - target: {fileID: -8679921383154817045, guid: 059f2d6b8ca0bf94d9b64eb68c8afc8e,
        type: 3}
      propertyPath: m_LocalPosition.y
      value: -0.29797137
      objectReference: {fileID: 0}
    - target: {fileID: -8679921383154817045, guid: 059f2d6b8ca0bf94d9b64eb68c8afc8e,
        type: 3}
      propertyPath: m_LocalPosition.z
      value: -3.2500002
      objectReference: {fileID: 0}
    - target: {fileID: -8679921383154817045, guid: 059f2d6b8ca0bf94d9b64eb68c8afc8e,
        type: 3}
      propertyPath: m_LocalRotation.x
      value: 0.49778897
      objectReference: {fileID: 0}
    - target: {fileID: -8679921383154817045, guid: 059f2d6b8ca0bf94d9b64eb68c8afc8e,
        type: 3}
      propertyPath: m_LocalRotation.y
      value: -0.5021885
      objectReference: {fileID: 0}
    - target: {fileID: -8679921383154817045, guid: 059f2d6b8ca0bf94d9b64eb68c8afc8e,
        type: 3}
      propertyPath: m_LocalRotation.z
      value: -0.4970981
      objectReference: {fileID: 0}
    - target: {fileID: -8679921383154817045, guid: 059f2d6b8ca0bf94d9b64eb68c8afc8e,
        type: 3}
      propertyPath: m_LocalRotation.w
      value: -0.50289804
      objectReference: {fileID: 0}
    - target: {fileID: -8679921383154817045, guid: 059f2d6b8ca0bf94d9b64eb68c8afc8e,
        type: 3}
      propertyPath: m_RootOrder
      value: 5
      objectReference: {fileID: 0}
    - target: {fileID: -8679921383154817045, guid: 059f2d6b8ca0bf94d9b64eb68c8afc8e,
        type: 3}
      propertyPath: m_LocalEulerAnglesHint.x
      value: -89.41601
      objectReference: {fileID: 0}
    - target: {fileID: -8679921383154817045, guid: 059f2d6b8ca0bf94d9b64eb68c8afc8e,
        type: 3}
      propertyPath: m_LocalEulerAnglesHint.y
      value: -270.145
      objectReference: {fileID: 0}
    - target: {fileID: -8679921383154817045, guid: 059f2d6b8ca0bf94d9b64eb68c8afc8e,
        type: 3}
      propertyPath: m_LocalEulerAnglesHint.z
      value: 0.065000005
      objectReference: {fileID: 0}
    - target: {fileID: -8679921383154817045, guid: 059f2d6b8ca0bf94d9b64eb68c8afc8e,
        type: 3}
      propertyPath: m_LocalScale.x
      value: 1
      objectReference: {fileID: 0}
    - target: {fileID: -8679921383154817045, guid: 059f2d6b8ca0bf94d9b64eb68c8afc8e,
        type: 3}
      propertyPath: m_LocalScale.y
      value: -1
      objectReference: {fileID: 0}
    - target: {fileID: 919132149155446097, guid: 059f2d6b8ca0bf94d9b64eb68c8afc8e,
        type: 3}
      propertyPath: m_Name
      value: Floor_03 (1)
      objectReference: {fileID: 0}
    m_RemovedComponents: []
  m_SourcePrefab: {fileID: 100100000, guid: 059f2d6b8ca0bf94d9b64eb68c8afc8e, type: 3}
--- !u!4 &5302817100099335651 stripped
Transform:
  m_CorrespondingSourceObject: {fileID: -8679921383154817045, guid: 059f2d6b8ca0bf94d9b64eb68c8afc8e,
    type: 3}
  m_PrefabInstance: {fileID: 5628898599148769800}
  m_PrefabAsset: {fileID: 0}
